<record><leader>00000cas a22000007a 4500</leader><controlfield tag="001">10253661</controlfield><controlfield tag="008">831228d1966198utxudn ne      0   a0eng d</controlfield><datafield ind1=" " ind2=" " tag="010"><subfield code="a">sn 83005984 </subfield></datafield><datafield ind1=" " ind2=" " tag="040"><subfield code="a">NSD</subfield><subfield code="b">eng</subfield><subfield code="c">NSD</subfield><subfield code="d">PPM</subfield><subfield code="d">NSD</subfield><subfield code="d">PPM</subfield><subfield code="d">OCLCQ</subfield></datafield><datafield ind1=" " ind2=" " tag="012"><subfield code="j">0</subfield><subfield code="k">1</subfield><subfield code="m">d</subfield></datafield><datafield ind1="1" ind2=" " tag="022"><subfield code="a">0746-7524</subfield><subfield code="l">0746-7524</subfield><subfield code="2">1</subfield></datafield><datafield ind1=" " ind2=" " tag="037"><subfield code="b">Grand Prairie Daily News, P.O Box 1289, Grand Prairie, TX 75053</subfield></datafield><datafield ind1=" " ind2=" " tag="042"><subfield code="a">nsdp</subfield><subfield code="a">msc</subfield></datafield><datafield ind1=" " ind2="0" tag="222"><subfield code="a">Grand Prairie daily news</subfield></datafield><datafield ind1="0" ind2="0" tag="245"><subfield code="a">Grand Prairie daily news.</subfield></datafield><datafield ind1="3" ind2="0" tag="246"><subfield code="a">Daily news</subfield></datafield><datafield ind1=" " ind2=" " tag="260"><subfield code="a">Grand Prairie, Tex. :</subfield><subfield code="b">News-Texan</subfield></datafield><datafield ind1=" " ind2=" " tag="310"><subfield code="a">Daily (except Monday &amp; Christmas Day),</subfield><subfield code="b">&lt;Mar. 7, 1987-&gt;</subfield></datafield><datafield ind1=" " ind2=" " tag="321"><subfield code="a">Daily (except Saturday &amp; Christmas Day),</subfield><subfield code="b">&lt;Feb. 11, 1985-&gt;</subfield></datafield><datafield ind1=" " ind2=" " tag="321"><subfield code="a">Daily except Saturday,</subfield><subfield code="b">&lt;Oct. 14, 1983-&gt;</subfield></datafield><datafield ind1="0" ind2=" " tag="362"><subfield code="a">Vol. 58, no. 182 (Aug. 1, 1966)-</subfield></datafield><datafield ind1=" " ind2=" " tag="500"><subfield code="a">Imprint varies: Arlington, Tex. : Dallas-Fort Worth Suburban Newspapers, &lt;Mar. 7, 1987-&gt;</subfield></datafield><datafield ind1=" " ind2=" " tag="588"><subfield code="a">Latest issue consulted: Vol. 80, no. 56 (Saturday, Mar. 7, 1987).</subfield></datafield><datafield ind1=" " ind2=" " tag="752"><subfield code="a">United States</subfield><subfield code="b">Texas</subfield><subfield code="c">Dallas</subfield><subfield code="d">Grand Prairie.</subfield></datafield><datafield ind1=" " ind2=" " tag="752"><subfield code="a">United States</subfield><subfield code="b">Texas</subfield><subfield code="c">Tarrant</subfield><subfield code="d">Grand Prairie.</subfield></datafield><datafield ind1="0" ind2="0" tag="780"><subfield code="t">Grand Prairie news-Texan</subfield><subfield code="w">(DLC)sn 87090856</subfield></datafield><datafield ind1="0" ind2="0" tag="785"><subfield code="t">Grand Prairie news (Grand Prairie, Tex.)</subfield><subfield code="x">1044-0097</subfield><subfield code="w">(DLC)sn 89000039</subfield><subfield code="w">(OCoLC)19682127</subfield></datafield></record>